<record xmlns:xsi="http://www.w3.org/2001/XMLSchema-instance" xmlns="http://www.loc.gov/MARC21/slim" xsi:schemaLocation="http://www.loc.gov/MARC21/slim http://www.loc.gov/standards/marcxml/schema/MARC21slim.xsd">

  <leader>00450nam a2200157Ia 4500</leader>
  <datafield ind1=" " ind2=" " tag="999">
    <subfield code="c">1087</subfield>
    <subfield code="d">1087</subfield>
  </datafield>
  <controlfield tag="008">180601b2005    cr ||||| |||| 00| | spa d</controlfield>
  <datafield ind1=" " ind2=" " tag="020">
    <subfield code="a">9977-84-000-8</subfield>
  </datafield>
  <datafield ind1=" " ind2=" " tag="090">
    <subfield code="a">18.08.01 </subfield>
    <subfield code="b">1879</subfield>
  </datafield>
  <datafield ind1=" " tag="100" ind2=" ">
    <subfield code="a">Villalobos, Leslie</subfield>
    <subfield code="9">3701</subfield>
  </datafield>
  <datafield ind1="1" tag="245" ind2=" ">
    <subfield code="a">Un enfoque humano de la matemática / </subfield>
    <subfield code="c">Leslie Villalobos</subfield>
  </datafield>
  <datafield tag="260" ind2=" " ind1=" ">
    <subfield code="a">Guácimo, C.R. : </subfield>
    <subfield code="b">EARTH, </subfield>
    <subfield code="c">1995</subfield>
  </datafield>
  <datafield ind1=" " ind2=" " tag="300">
    <subfield code="a">222 páginas</subfield>
  </datafield>
  <datafield ind2="4" tag="650" ind1="1">
    <subfield code="a">MATEMÁTICAS  </subfield>
    <subfield code="9">482</subfield>
  </datafield>
  <datafield ind1="1" ind2="4" tag="650">
    <subfield code="a">ENSEÑANZA</subfield>
    <subfield code="9">14</subfield>
  </datafield>
  <datafield tag="942" ind2=" " ind1=" ">
    <subfield code="2">z</subfield>
    <subfield code="c">01</subfield>
  </datafield>
</record>